%% This BibTeX bibliography file was created using BibDesk.
%% http://bibdesk.sourceforge.net/


%% Created for Michael Tonks at 2012-10-17 11:32:53 -0600 


%% Saved with string encoding Unicode (UTF-8) 



@article{gaston08,
	Author = {D. Gaston and C. Newman and G. Hansen and D. Lebrun-Grandi\'e},
	Date-Added = {2012-10-17 11:32:48 -0600},
	Date-Modified = {2012-10-17 11:32:48 -0600},
	Journal = {Nucl. Eng. Design},
	Pages = {1768--1778},
	Title = {{MOOSE}: A parallel computational framework for coupled systems of nonlinear equations},
	Volume = {239},
	Year = 2009,
	Bdsk-Url-1 = {http://dx.doi.org/10.1016/j.nucengdes.2009.05.021}}

@article{tonks2011marmot,
	Author = {M.R. Tonks and D. Gaston and P.C. Millett and D. Andrs and P. Talbot},
	Date-Modified = {2011-09-02 11:16:56 -0600},
	Journal = {Comp. Mat. Sci.},
	Number = {1},
	Pages = {20-29},
	Title = {An object-oriented finite element framework for multiphysics phase field simulations},
	Volume = {51},
	Year = {2012}}

@article{aristov1973,
	Author = {Aristov, VU and Fridman, EM and Shvindlerman, LS},
	Journal = {Fizika Metallov Metallovedenie},
	Number = {4},
	Pages = {859--862},
	Title = {Migration of Boundaries in Al Bicrystals},
	Volume = {35},
	Year = {1973}}

@article{Jund99,
	Author = {Jund, P. and Jullien, R.},
	Date-Added = {2012-05-18 21:46:26 -0600},
	Date-Modified = {2012-05-18 21:47:04 -0600},
	Journal = {Arxiv preprint cond-mat/9903033},
	Title = {Molecular dynamics calculation of the thermal conductivity of vitreous silica},
	Year = {1999}}

@article{Acharya2000kx,
	Author = {A. Acharya and A.J. Beaudoin},
	Date-Added = {2012-04-10 12:59:34 -0600},
	Date-Modified = {2012-04-10 12:59:39 -0600},
	Doi = {10.1016/S0022-5096(00)00013-2},
	Issn = {0022-5096},
	Journal = {Journal of the Mechanics and Physics of Solids},
	Keywords = {Incompatibility},
	Number = {10},
	Pages = {2213 - 2230},
	Title = {Grain-size effect in viscoplastic polycrystals at moderate strains},
	Url = {http://www.sciencedirect.com/science/article/pii/S0022509600000132},
	Volume = {48},
	Year = {2000},
	Bdsk-Url-1 = {http://www.sciencedirect.com/science/article/pii/S0022509600000132},
	Bdsk-Url-2 = {http://dx.doi.org/10.1016/S0022-5096(00)00013-2}}

@article{Mika1998uq,
	Author = {David P. Mika and Paul R. Dawson},
	Date-Added = {2012-04-10 12:50:11 -0600},
	Date-Modified = {2012-04-10 12:50:18 -0600},
	Doi = {10.1016/S0921-5093(98)00824-7},
	Issn = {0921-5093},
	Journal = {Materials Science and Engineering: A},
	Keywords = {Crystal orientation},
	Note = {<xocs:full-name>International Conference on Crystallographic Texture</xocs:full-name>},
	Number = {1},
	Pages = {62 - 76},
	Title = {Effects of grain interaction on deformation in polycrystals},
	Url = {http://www.sciencedirect.com/science/article/pii/S0921509398008247},
	Volume = {257},
	Year = {1998},
	Bdsk-Url-1 = {http://www.sciencedirect.com/science/article/pii/S0921509398008247},
	Bdsk-Url-2 = {http://dx.doi.org/10.1016/S0921-5093(98)00824-7}}

@article{Becker1991fk,
	Author = {R. Becker},
	Date-Added = {2012-04-10 12:46:08 -0600},
	Date-Modified = {2012-04-10 12:46:19 -0600},
	Doi = {10.1016/0956-7151(91)90209-J},
	Issn = {0956-7151},
	Journal = {Acta Metallurgica et Materialia},
	Number = {6},
	Pages = {1211 - 1230},
	Title = {Analysis of texture evolution in channel die compressionâ€š{\"A}{\^\i}I. Effects of grain interaction},
	Url = {http://www.sciencedirect.com/science/article/pii/095671519190209J},
	Volume = {39},
	Year = {1991},
	Bdsk-Url-1 = {http://www.sciencedirect.com/science/article/pii/095671519190209J},
	Bdsk-Url-2 = {http://dx.doi.org/10.1016/0956-7151(91)90209-J}}

@article{moelans2006phase,
	Author = {Moelans, N. and Blanpain, B. and Wollants, P.},
	Date-Added = {2012-04-10 12:24:38 -0600},
	Date-Modified = {2012-04-10 12:24:38 -0600},
	Journal = {Acta materialia},
	Number = {4},
	Pages = {1175--1184},
	Publisher = {Elsevier},
	Title = {Phase field simulations of grain growth in two-dimensional systems containing finely dispersed second-phase particles},
	Volume = {54},
	Year = {2006}}

@article{ma2006,
	Author = {Ma, A. and Roters, F and Raabe, D.},
	Date-Added = {2012-04-09 23:54:44 -0600},
	Date-Modified = {2012-04-09 23:56:01 -0600},
	Journal = {Acta mater.},
	Pages = {2181 - 94},
	Title = {On the consideration of interactions between dislocations and grain boundaries in crystal plasticity finite element modeling---theory, experiments, and simulations.},
	Volume = {54},
	Year = {2006}}

@article{evers2004,
	Author = {Evers, LP and Brekelmans, WAM and Geers, MGD and},
	Date-Added = {2012-04-09 23:52:34 -0600},
	Date-Modified = {2012-04-09 23:54:01 -0600},
	Journal = {Int J Solids Struct},
	Number = {10},
	Pages = {5209 - 30},
	Title = {Scale dependent crystal plasticity framework with dislocation density and grain boundary effects.},
	Volume = {41},
	Year = {2004}}

@article{bieler2009,
	Author = {Bieler, TR and Eisenlohr, P. and Roters, F. and Kumar, D. and Mason, DE, Crimp, MA},
	Date-Added = {2012-04-09 23:47:04 -0600},
	Date-Modified = {2012-04-09 23:49:17 -0600},
	Journal = {Int. J. Plasticity},
	Pages = {1655 - 83},
	Title = {The role of heterogeneous deformation on damage nucleation at grain boundaries in single phase metals.},
	Volume = {25},
	Year = {2009}}

@article{gao2003geometrically,
	Author = {Gao, H. and Huang, Y.},
	Date-Added = {2012-04-09 23:25:15 -0600},
	Date-Modified = {2012-04-09 23:25:15 -0600},
	Journal = {Scripta materialia},
	Number = {2},
	Pages = {113--118},
	Publisher = {Elsevier},
	Title = {Geometrically necessary dislocation and size-dependent plasticity},
	Volume = {48},
	Year = {2003}}

@article{ma2006studying,
	Author = {Ma, A. and Roters, F. and Raabe, D.},
	Date-Added = {2012-04-09 23:21:42 -0600},
	Date-Modified = {2012-04-09 23:21:42 -0600},
	Journal = {International journal of solids and structures},
	Number = {24},
	Pages = {7287--7303},
	Publisher = {Elsevier},
	Title = {Studying the effect of grain boundaries in dislocation density based crystal-plasticity finite element simulations},
	Volume = {43},
	Year = {2006}}

@article{arsenlis2002modeling,
	Author = {Arsenlis, A. and Parks, D.M.},
	Date-Added = {2012-04-09 23:19:34 -0600},
	Date-Modified = {2012-04-09 23:19:34 -0600},
	Journal = {Journal of the Mechanics and Physics of Solids},
	Number = {9},
	Pages = {1979--2010},
	Publisher = {London; New York: Pergamon Press, 1952-},
	Title = {Modeling the evolution of crystallographic dislocation density in crystal plasticity},
	Volume = {50},
	Year = {2002}}

@article{arsenlis2004evolution,
	Author = {Arsenlis, A. and M Parks, D. and Becker, R. and V Bulatov, V.},
	Date-Added = {2012-04-09 23:13:38 -0600},
	Date-Modified = {2012-04-09 23:13:38 -0600},
	Journal = {Journal of the Mechanics and Physics of Solids},
	Number = {6},
	Pages = {1213--1246},
	Publisher = {Elsevier},
	Title = {On the evolution of crystallographic dislocation density in non-homogeneously deforming crystals},
	Volume = {52},
	Year = {2004}}

@article{nix1998indentation,
	Author = {Nix, W.D. and Gao, H.},
	Date-Added = {2012-04-09 23:07:32 -0600},
	Date-Modified = {2012-04-09 23:07:32 -0600},
	Journal = {Journal of the Mechanics and Physics of Solids},
	Number = {3},
	Pages = {411--425},
	Publisher = {Elsevier},
	Title = {Indentation size effects in crystalline materials: a law for strain gradient plasticity},
	Volume = {46},
	Year = {1998}}

@article{fleck1997strain,
	Author = {Fleck, NA and Hutchinson, JW},
	Date-Added = {2012-04-09 23:05:45 -0600},
	Date-Modified = {2012-04-09 23:05:45 -0600},
	Journal = {Advances in applied mechanics},
	Pages = {295--361},
	Publisher = {Elsevier},
	Title = {Strain gradient plasticity},
	Volume = {33},
	Year = {1997}}

@article{gao1999mechanism,
	Author = {Gao, H. and Huang, Y. and Nix, WD and Hutchinson, JW},
	Date-Added = {2012-04-09 23:04:04 -0600},
	Date-Modified = {2012-04-09 23:04:04 -0600},
	Journal = {Journal of the Mechanics and Physics of Solids},
	Number = {6},
	Pages = {1239--1263},
	Publisher = {Elsevier},
	Title = {Mechanism-based strain gradient plasticity--I. Theory},
	Volume = {47},
	Year = {1999}}

@article{roters2010overview,
	Author = {Roters, F. and Eisenlohr, P. and Hantcherli, L. and Tjahjanto, DD and Bieler, TR and Raabe, D.},
	Date-Added = {2012-04-09 22:51:56 -0600},
	Date-Modified = {2012-04-09 22:51:56 -0600},
	Journal = {Acta Materialia},
	Number = {4},
	Pages = {1152--1211},
	Publisher = {Elsevier},
	Title = {Overview of constitutive laws, kinematics, homogenization and multiscale methods in crystal plasticity finite-element modeling: Theory, experiments, applications},
	Volume = {58},
	Year = {2010}}

@article{uehara2007elasto,
	Author = {Uehara, T. and Tsujino, T. and Ohno, N.},
	Date-Added = {2012-04-09 22:35:00 -0600},
	Date-Modified = {2012-04-09 22:35:00 -0600},
	Journal = {Journal of crystal growth},
	Number = {2},
	Pages = {530--537},
	Publisher = {Elsevier},
	Title = {Elasto-plastic simulation of stress evolution during grain growth using a phase field model},
	Volume = {300},
	Year = {2007}}

@article{takaki2010static,
	Author = {Takaki, T. and Tomita, Y.},
	Date-Added = {2012-04-09 22:17:51 -0600},
	Date-Modified = {2012-04-09 22:17:51 -0600},
	Journal = {International Journal of Mechanical Sciences},
	Number = {2},
	Pages = {320--328},
	Publisher = {Elsevier},
	Title = {Static recrystallization simulations starting from predicted deformation microstructure by coupling multi-phase-field method and finite element method based on crystal plasticity},
	Volume = {52},
	Year = {2010}}

@article{schwartz2006influence,
	Author = {Schwartz, A.J. and King, W.E. and Kumar, M.},
	Date-Added = {2012-04-09 21:13:43 -0600},
	Date-Modified = {2012-04-09 21:13:43 -0600},
	Journal = {Scripta materialia},
	Number = {6},
	Pages = {963--968},
	Publisher = {Elsevier},
	Title = {Influence of processing method on the network of grain boundaries},
	Volume = {54},
	Year = {2006}}

@article{minich2002role,
	Author = {Minich, R.W. and Schuh, C.A. and Kumar, M.},
	Date-Added = {2012-04-09 21:12:12 -0600},
	Date-Modified = {2012-04-09 21:12:12 -0600},
	Journal = {Physical Review B},
	Number = {5},
	Pages = {052101},
	Publisher = {APS},
	Title = {Role of topological constraints on the statistical properties of grain boundary networks},
	Volume = {66},
	Year = {2002}}

@article{krill2002computer,
	Author = {Krill Iii, CE and Chen, L.Q.},
	Date-Added = {2012-04-09 19:11:56 -0600},
	Date-Modified = {2012-04-09 19:11:56 -0600},
	Journal = {Acta Materialia},
	Number = {12},
	Pages = {3059--3075},
	Publisher = {Elsevier},
	Title = {Computer simulation of 3-D grain growth using a phase-field model},
	Volume = {50},
	Year = {2002}}

@inbook{sickafus2008,
	Address = {Madison, WI},
	Author = {K.E. Sickafus},
	Chapter = {Radiation Damage Effects in Solids},
	Editor = {J.D. Cossairt and J.W. Eswards},
	Pages = {246--78},
	Publisher = {Medical Physics Publishing},
	Title = {Topics in Accelerator Health Physics},
	Year = {2008}}

@article{lucuta1996,
	Author = {P. G. Lucuta and H. J. Matzke and I. J. Hastings},
	Journal = {Journal of Nuclear Materials},
	Pages = {166--180},
	Title = {A pragmatic approach to modelling thermal conductivity of irradiated {UO}$_2$ fuel: review and recommendations},
	Volume = {232},
	Year = {1996}}

@article{Frost1988,
	Address = {{The Boulevard, Langford Lane, Kidlington, Oxford, England Ox5 1Gb}},
	Affiliation = {{Frost, Hj (Reprint Author), Dartmouth Coll,Thayer Sch Engn,Hanover,Nh 03755. Mit,Dept Mat Sci \& Engn,Cambridge,Ma 02139.}},
	Author = {H.J. Frost and C.V. Thompson and C.L. Howe and J.H. Whang},
	Doc-Delivery-Number = {{L6169}},
	Journal = {{Scripta Metallurgica}},
	Language = {{English}},
	Month = {{Jan}},
	Number = {{1}},
	Number-Of-Cited-References = {{21}},
	Pages = {{65--70}},
	Publisher = {{Pergamon-Elsevier Science Ltd}},
	Subject-Category = {{Metallurgy \& Metallurgical Engineering}},
	Times-Cited = {{109}},
	Title = {{A 2-Dimensional Computer-Simulation Of Capillarity-Driven Grain-Growth - Preliminary-Results}},
	Type = {{Article}},
	Unique-Id = {{Isi:A1988L616900014}},
	Volume = {{22}},
	Year = {{1988}}}

@article{chen2004,
	Author = {J.S. Chen and V. Kotta and D. Wang and D. Moldovan and D. Wolf},
	Journal = {Comput. Methods Appl. Mech. Engrg.},
	Pages = {1277--1303},
	Title = {A variational formulation and a double-grid method for meso-scale modeling of stressed grain growth in polycrystalline materials.},
	Volume = {193},
	Year = {2004}}

@article{cocks1996,
	Author = {A.C.F. Cocks and S.P.A. Gill},
	Journal = {Acta Mater.},
	Pages = {4765--75},
	Title = {A variational approach to two dimensional grain growth--I. {T}heory},
	Volume = {44},
	Year = {1996}}

@article{pan1995,
	Author = {J. Pan and A.C.F. Cocks},
	Journal = {Acta Metall. Mater.},
	Pages = {1739--44},
	Title = {A numerical analysis technique for the coupled surface and grain-boundary diffusion},
	Volume = {26},
	Year = {1995}}

@article{battaile2007,
	Author = {C.C. Battaile and W.A. Counts and G.W. Wellman and T.E. Buchheit and E.A. Holm},
	Journal = {Metall. Mater. Trans. A},
	Number = {A},
	Pages = {2513--22},
	Title = {Simulating grain growth in a deformed polycrystal by coupled finite-element and microstructure evolution modeling},
	Volume = {38},
	Year = {2007}}

@article{moldovan2002,
	Author = {D. Moldovan and D. Wolf and S.R. Phillpot and A.J. Haslam},
	Journal = {Phil. Mag. A},
	Number = {7},
	Pages = {1271--97},
	Title = {Mesoscopic simulation of two-dimensional grain growth with anistropic grain-boundary properties},
	Volume = {82},
	Year = {2002}}

@article{chen1994,
	Author = {L.Q. Chen and Y. Yang},
	Journal = {Phys. Rev. B},
	Pages = {15752--6},
	Title = {Computer Simulation of the Dynamics of a Quenched System with Large Number of Non-conserved Order Parameters - The Grain Growth Kinetics},
	Volume = {50},
	Year = {1994}}

@article{chen2002,
	Author = {L.Q. Chen},
	Journal = {Annu. Rev. Mater. Res.},
	Pages = {113--40},
	Title = {Phase-Field Models for Microstructure Evolution},
	Volume = {32},
	Year = {2002}}

@article{millett2008,
	Author = {P.C. Millett and D. Wolf and T.D. Desai and S. Rokkam and A. El-{A}zab},
	Journal = {J. Appl. Phys.},
	Pages = {033512},
	Title = {Phase-FielD Simulation of Thermal Conductivity in Porous Polycrystalline Microstructres},
	Volume = {104},
	Year = {2008}}

@article{zhang2008,
	Author = {X. Zhang and J.S. Chen and S. Osher},
	Journal = {Interaction MultiScale Mech},
	Number = {2},
	Pages = {178--91},
	Title = {A multiple level set method for modeling grain boundary evolution of polycrystalline materials},
	Volume = {1},
	Year = {2008}}

@article{allen1979,
	Author = {S.M. Allen and J.W. Cahn},
	Journal = {Acta Metall.},
	Pages = {1085--95},
	Title = {A Microscopic Theory for Antiphase Boundary Motion and Its Application to Antiphase Domain Coarsening},
	Volume = {27},
	Year = {1979}}

@article{rokkam2008,
	Author = {S. Rokkam and A. El-{A}zab and P.C. Millett and D. Wolf},
	Journal = {Modelling Simul. Mater. Sci. Eng.},
	Pages = {064002},
	Title = {Phase field modeling of void nucleation and growth in irradiated metals},
	Volume = {17},
	Year = {2009}}

@article{moelans2008,
	Author = {N. Moelans and B. Blanpain and P. Wollants},
	Journal = {Phys. Rev. B},
	Pages = {024113},
	Title = {Quantitative analysis of grain boundary properties in a generalized phase field model for grain growth in anisotropic systems},
	Volume = {78},
	Year = {2008}}

@article{kim2006,
	Author = {S.G. Kim and D.I. Kim and W.T. Kim and Y.B. Park},
	Journal = {Phys. Rev. E},
	Number = {6},
	Pages = {061605},
	Title = {Computer simulations of two-dimensional and three-dimensional ideal grain growth},
	Volume = {74},
	Year = {2006}}

@article{fan1997,
	Author = {D. Fan and L.Q. Chen},
	Journal = {Acta mater},
	Number = {2},
	Pages = {611--622},
	Title = {Computer simulation of grain growth using a continuum field model},
	Volume = {45},
	Year = {1997}}

@article{vanherpe2007,
	Author = {L. Vanherpe and N. Moelans and B. Blanpain and S. Vandewalle},
	Doi = {10.1103/PhysRevE.76.056702},
	Eid = {056702},
	Journal = {Phys. Rev. E},
	Keywords = {crystal growth, crystal microstructure, crystal morphology, grain growth},
	Number = {5},
	Numpages = {11},
	Pages = {056702},
	Publisher = {APS},
	Title = {Bounding box algorithm for three-dimensional phase-field simulations of microstructural evolution in polycrystalline materials},
	Url = {http://link.aps.org/abstract/PRE/v76/e056702},
	Volume = {76},
	Year = {2007},
	Bdsk-Url-1 = {http://link.aps.org/abstract/PRE/v76/e056702},
	Bdsk-Url-2 = {http://dx.doi.org/10.1103/PhysRevE.76.056702}}

@article{tonks2010,
	Author = {Tonks, M. and Millett, P. and Cai, W. and Wolf, D.},
	Journal = {Scripta Materialia},
	Pages = {1049-52},
	Title = {Analysis of the elastic strain energy driving force for grain boundary migration using phase field simulation},
	Volume = {63},
	Year = {2010}}

@article{tonks2010b,
	Author = {Tonks, M. and Gaston, D. and Permann, C. and Millett, P. and Hansen, G. and Wolf, D.},
	Journal = {Nucl. Eng. Design},
	Pages = {2877--83},
	Title = {A Coupling Methodology for mesoscale-informed nuclear fuel performance codes},
	Volume = {240},
	Year = {2010}}

@article{tonks2011,
	Author = {Tonks, M. and Millett, P.},
	Journal = {Mat. Sci. Eng. A},
	Pages = {4086--91},
	Title = {Phase field simulations of elastic deformation-driven grain growth in 2D copper polycrystals},
	Volume = {528},
	Year = {2011}}

@article{millett2010,
	Author = {Millett, P. and Tonks M.},
	Journal = {Current Opinion Solid State and Mat. Sci.},
	Title = {Application of phase-field modeling to irradiation effects in materials},
	Volume = {doi:10.1016/j.cossms.2010.10.002},
	Year = {2010}}

@article{stogner2008,
	Author = {Stogner, Roy H. and Carey, Graham F. and Murray, Bruce T.},
	Journal = {International Journal for Numerical Methods in Engineering},
	Keywords = {Cahn--Hilliard, diffuse interface, multiscale, adaptive, finite elements},
	Number = {5},
	Pages = {636--661},
	Title = {Approximation of {C}ahn-{H}illiard diffuse interface models using parallel adaptive mesh refinement and coarsening with {C}1 elements},
	Volume = {76},
	Year = {2008}}

@article{beckermann1999,
	Author = {C. Beckermann and H. -J. Diepers and I. Steinbach and A. Karma and X. Tong},
	Journal = {Journal of Computational Physics},
	Number = {2},
	Pages = {468 - 496},
	Title = {Modeling Melt Convection in Phase-Field Simulations of Solidification},
	Volume = {154},
	Year = {1999}}

@article{hu2009,
	Author = {Shenyang Hu and Charles H. Henager Jr. and Howard L. Heinisch and Marius Stan and Michael I. Baskes and Steven M. Valone},
	Journal = {Journal of Nuclear Materials},
	Number = {2},
	Pages = {292 - 300},
	Title = {Phase-field modeling of gas bubbles and thermal conductivity evolution in nuclear fuels},
	Volume = {392},
	Year = {2009}}

@article{feng2006,
	Author = {W.M. Feng and P. Yu and S.Y. Hu and Z.K. Liu and Q. Du and L.Q. Chen},
	Journal = {Journal of Computational Physics},
	Number = {1},
	Pages = {498 - 510},
	Title = {Spectral implementation of an adaptive moving mesh method for phase-field equations},
	Volume = {220},
	Year = {2006}}

@article{provatas1999,
	Author = {Nikolas Provatas and Nigel Goldenfeld and Jonathan Dantzig},
	Journal = {Journal of Computational Physics},
	Number = {1},
	Pages = {265 - 290},
	Title = {Adaptive Mesh Refinement Computation of Solidification Microstructures Using Dynamic Data Structures},
	Volume = {148},
	Year = {1999}}

@article{millett2011,
	Author = {Paul C. Millett and Michael Tonks},
	Journal = {Journal of Nuclear Materials},
	Number = {3},
	Pages = {281 - 286},
	Title = {Meso-scale modeling of the influence of intergranular gas bubbles on effective thermal conductivity},
	Volume = {412},
	Year = {2011}}

@article{artemev2001,
	Author = {A. Artemev and Y. Jin and A. G. Khachaturyan},
	Journal = {Acta Materialia},
	Keywords = {Structural behaviour},
	Number = {7},
	Pages = {1165 - 1177},
	Title = {Three-dimensional phase field model of proper martensitic transformation},
	Volume = {49},
	Year = {2001}}

@article{wang2001,
	Journal = {Acta Materialia},
	Keywords = {Computer simulation},
	Number = {10},
	Pages = {1847 - 1857},
	Title = {Nanoscale phase field microelasticity theory of dislocations: model and 3D simulations},
	Volume = {49},
	Year = {2001}}

@article{zaeem2010,
	Author = {Mohsen Asle Zaeem and Sinisa Dj. Mesarovic},
	Journal = {Journal of Computational Physics},
	Keywords = {Convergence},
	Number = {24},
	Pages = {9135 - 9149},
	Title = {Finite element method for conserved phase fields: Stress-mediated diffusional phase transformation},
	Volume = {229},
	Year = {2010}}

@article{takaki2005,
	Author = {Tomohiro Takaki and Toshimichi Fukuoka and Yoshihiro Tomita},
	Journal = {Journal of Crystal Growth},
	Keywords = {A1. Morphological stability},
	Number = {1-2},
	Pages = {263 - 278},
	Title = {Phase-field simulation during directional solidification of a binary alloy using adaptive finite element method},
	Volume = {283},
	Year = {2005}}

@article{JSchen2002,
	Author = {J.S. Chen and S. Yoon and C.T. Wu},
	Journal = {Int. J. Numer. Meth. Engng},
	Pages = {2587--2615},
	Title = {Non-linear version of a stabilized conforming nodal integration for {G}alerkin mesh-free methods},
	Volume = {53},
	Year = {2002}}

@article{chen2001,
	Author = {J.S. Chen and C.T. Wu and S. Yoon and Y. You},
	Journal = {Int. J. Numer. Meth. Engng},
	Pages = {435--66},
	Title = {A stabilized conforming nodal integration for {G}alerkin mesh-free methods},
	Volume = {50},
	Year = {2001}}

@article{wang2002,
	Author = {Y.U. Wang and Y.M. Jin and A.G. Khachaturyan},
	Journal = {J. Appl. Phys.},
	Number = {3},
	Pages = {1351--60},
	Title = {Phase field microelasticity theory and modeling of elastically and structurally inhomogeneous solids},
	Volume = {92},
	Year = {2002}}

@article{hu2001,
	Author = {S.Y. Hu and L.Q. Chen},
	Journal = {Acta Mater.},
	Pages = {1879--90},
	Title = {A phase-field model for evolving microstructures with strong elastic inhomogeneity},
	Volume = {49},
	Year = {2001}}

@book{khachaturyan1983,
	Author = {A.G. Khachaturyan},
	Publisher = {Wiley, New York},
	Title = {Theory of Structural Transformations in Solids},
	Year = {1983}}

@article{aoyagi2003,
	Author = {M. Aoyagi},
	Journal = {J. Vac. Sci. Technol.},
	Number = {4},
	Pages = {1314--17},
	Title = {Model of vacancy flux due to stress-induced migration},
	Volume = {21},
	Year = {2003}}

@article{schonfelder1997,
	Author = {B. Sch{\"o}nfelder and D. Wolf and S.R. Phillpot and M. Furtkamp},
	Journal = {Interf. Sci.},
	Pages = {245--62},
	Title = {Molecular-Dynamics Method for the Simulation of Grain-Boundary Migration},
	Volume = {5},
	Year = {1997}}

@inbook{lucke1963,
	Author = {K. L{\"u}cke and K.-P. St{\"u}we},
	Pages = {171},
	Publisher = {AIME, Interscience Publishers, New York},
	Title = {Recovery and Recrystalization of Metals},
	Year = {171}}

@article{turnbull1951,
	Author = {D. Turnbull},
	Journal = {J. Metals},
	Pages = {803--05},
	Title = {Theory of grain boundary migration rates},
	Volume = {3},
	Year = {1951}}

@article{mott1948,
	Author = {N.F. Mott},
	Journal = {Proc. Phys. Soc.},
	Pages = {391},
	Title = {Slip at Grain Boundaries and Grain Growth in Metals},
	Volume = {60},
	Year = {1948}}

@article{anderson1984,
	Address = {{The Boulevard, Langford Lane, Kidlington, Oxford, England Ox5 1Gb}},
	Affiliation = {{Anderson, Mp (Reprint Author), Exxon Res \& Engn Co,Corp Res Sci Lab,Annandale,Nj 08801.}},
	Author = {M.P. Anderson and D.J. Srolovitz and G.S. Grest and P.S. Sahni},
	Doc-Delivery-Number = {{Ss896}},
	Journal = {{Acta Metallurgica}},
	Language = {{English}},
	Number = {{5}},
	Number-Of-Cited-References = {{40}},
	Pages = {{783--791}},
	Publisher = {{Pergamon-Elsevier Science Ltd}},
	Subject-Category = {{Metallurgy \& Metallurgical Engineering}},
	Times-Cited = {{536}},
	Title = {{Computer-Simulation Of Grain-Growth .1. Kinetics}},
	Type = {{Article}},
	Unique-Id = {{Isi:A1984Ss89600017}},
	Volume = {{32}},
	Year = {{1984}}}

@article{srolovitz1984,
	Address = {{The Boulevard, Langford Lane, Kidlington, Oxford, England Ox5 1Gb}},
	Affiliation = {{Srolovitz, Dj (Reprint Author), Exxon Res \& Engn Co,Corp Res Sci Lab,Annandale,Nj 08801.}},
	Author = {D.J. Srolovitz and M.P. Anderson and P.S. Sahni and G.S. Grest},
	Doc-Delivery-Number = {{Ss896}},
	Journal = {{Acta Metallurgica}},
	Language = {{English}},
	Number = {{5}},
	Number-Of-Cited-References = {{23}},
	Pages = {{793--802}},
	Publisher = {{Pergamon-Elsevier Science Ltd}},
	Subject-Category = {{Metallurgy \& Metallurgical Engineering}},
	Times-Cited = {{254}},
	Title = {{Computer-Simulation Of Grain-Growth .2. Grain-Size Distribution, Topology, And Local Dynamics}},
	Type = {{Article}},
	Unique-Id = {{Isi:A1984Ss89600018}},
	Volume = {{32}},
	Year = {{1984}}}

@article{rupert2009,
	Author = {T.J. Rupert and D.S. Gianola and Y. Gan and J. Hemker},
	Journal = {Science},
	Keywords = {grain growth},
	Month = {December},
	Pages = {1686--90},
	Title = {Experimental Observations of Stress-Driven Grain Boundary Migration},
	Volume = {326},
	Year = {2009}}

@article{lan2006,
	Author = {Y.J. Lan and D.Z. Li and Y.Y. Li},
	Journal = {Metallurgical and Materials Transactions B},
	Pages = {119--29},
	Title = {A Mesoscale Cellular Automaton Model for Curvature-Driven Grain Growth},
	Volume = {37B},
	Year = {2006}}

@article{haslam2003,
	Author = {A.J. Haslam and D. Moldovan and V. Yamakov and D. Wolf and S.R. Phillpot and H. Gleiter},
	Journal = {Acta Mater.},
	Pages = {2097--112},
	Title = {Stress-enhanced grain growth in a nanocrystalline material by molecular-dynamics simulation},
	Volume = {51},
	Year = {2003}}

@article{zhang2010,
	Author = {Liangzhe Zhang and Timothy Bartel and Mark T. Lusk},
	Journal = {Computational Materials Science},
	Number = {2},
	Pages = {419 - 425},
	Title = {Parallelized hybrid Monte Carlo simulation of stress-induced texture evolution},
	Volume = {48},
	Year = {2010}}

@article{moelans2009comparative,
	Author = {Moelans, N. and Wendler, F. and Nestler, B.},
	Journal = {Computational materials science},
	Number = {2},
	Pages = {479--490},
	Publisher = {Elsevier},
	Title = {Comparative study of two phase-field models for grain growth},
	Volume = {46},
	Year = {2009}}
